<?xml version="1.0" encoding="UTF-8" standalone="yes"?><bibRecords><bibRecord><bib><owningInstitutionId>CUL</owningInstitutionId><owningInstitutionBibId>243138</owningInstitutionBibId><content><collection><record><leader>01153cam a2200301 a 4500</leader><controlfield tag="001">243138</controlfield><controlfield tag="003">NNC</controlfield><controlfield tag="005">20100221214126.0</controlfield><controlfield tag="008">840801s1983    au       b    000 0 ger d</controlfield><datafield ind1=" " ind2=" " tag="020"><subfield code="a">3851240928 (pbk.)</subfield></datafield><datafield ind1=" " ind2=" " tag="035"><subfield code="a">(OCoLC)26098196</subfield></datafield><datafield ind1=" " ind2=" " tag="035"><subfield code="a">(OCoLC)ocm26098196</subfield></datafield><datafield ind1=" " ind2=" " tag="035"><subfield code="a">(CStRLIN)NYCG84-B48684</subfield></datafield><datafield ind1=" " ind2=" " tag="035"><subfield code="9">ABB6005CU</subfield></datafield><datafield ind1=" " ind2=" " tag="035"><subfield code="a">(NNC)243138</subfield></datafield><datafield ind1=" " ind2=" " tag="040"><subfield code="a">UPB</subfield><subfield code="c">UPB</subfield><subfield code="d">NIC</subfield></datafield><datafield ind1=" " ind2=" " tag="043"><subfield code="a">e-au---</subfield></datafield><datafield ind1=" " ind2=" " tag="090"><subfield code="a">PN1009.G3</subfield><subfield code="b">L61 1983g</subfield></datafield><datafield ind1="1" ind2=" " tag="100"><subfield code="a">Lercher, Elisabeth.</subfield></datafield><datafield ind1="1" ind2="0" tag="245"><subfield code="a">"... aber dennoch nicht kindgemäss" :</subfield><subfield code="b">ideologiekritische Studien zu den österreichischen Jugendbuchinstitutionen /</subfield><subfield code="c">Elisabeth Lercher.</subfield></datafield><datafield ind1=" " ind2=" " tag="260"><subfield code="a">Innsbruck :</subfield><subfield code="b">AMOE,</subfield><subfield code="c">1983.</subfield></datafield><datafield ind1=" " ind2=" " tag="300"><subfield code="a">ix, 443 p. ;</subfield><subfield code="c">24 cm.</subfield></datafield><datafield ind1="1" ind2=" " tag="490"><subfield code="a">Innsbrucker Beiträge zur Kulturwissenschaft. Germanistische Reihe ;</subfield><subfield code="v">Bd. 17</subfield></datafield><datafield ind1=" " ind2=" " tag="502"><subfield code="a">Thesis (doctoral)--Universität Innsbruck, 1983.</subfield></datafield><datafield ind1=" " ind2=" " tag="504"><subfield code="a">Bibliography: p. 416-443.</subfield></datafield><datafield ind1=" " ind2="0" tag="650"><subfield code="a">Children's literature, Austrian</subfield><subfield code="x">History and criticism.</subfield></datafield><datafield ind1=" " ind2="0" tag="650"><subfield code="a">Children's literature, German</subfield><subfield code="z">Austria</subfield><subfield code="x">History and criticism.</subfield></datafield><datafield ind1=" " ind2="0" tag="830"><subfield code="a">Innsbrucker Beiträge zur Kulturwissenschaft.</subfield><subfield code="p">Germanistische Reihe ;</subfield><subfield code="v">Bd. 17.</subfield></datafield></record></collection></content></bib><holdings><holding><owningInstitutionHoldingsId>331551</owningInstitutionHoldingsId><content><collection><record><datafield ind1="0" ind2="0" tag="852"><subfield code="b">off,glx</subfield><subfield code="h">PN1009.G3 L61 1983g</subfield></datafield></record></collection></content><items><content><collection><record><datafield ind1=" " ind2=" " tag="876"><subfield code="p">CU55444709</subfield><subfield code="h"/><subfield code="a">334051</subfield><subfield code="j">Available</subfield><subfield code="t">1</subfield><subfield code="3"></subfield></datafield><datafield ind1=" " ind2=" " tag="900"><subfield code="a">Shared</subfield><subfield code="b">CU</subfield></datafield></record>