</collection></content></items></holding></holdings></bibRecord><bibRecord><bib><owningInstitutionId>CUL</owningInstitutionId><owningInstitutionBibId>332238</owningInstitutionBibId><content><collection><record><leader>00813cam a2200277 a 4500</leader><controlfield tag="001">332238</controlfield><controlfield tag="003">NNC</controlfield><controlfield tag="005">20100225231026.0</controlfield><controlfield tag="008">850408s1983    cs a          000 0bcze  </controlfield><datafield ind1=" " ind2=" " tag="010"><subfield code="a">   84121839 </subfield></datafield><datafield ind1=" " ind2=" " tag="035"><subfield code="a">(OCoLC)10191757</subfield></datafield><datafield ind1=" " ind2=" " tag="035"><subfield code="a">(OCoLC)ocm10191757</subfield></datafield><datafield ind1=" " ind2=" " tag="035"><subfield code="a">(CStRLIN)NYCG85-B35741</subfield></datafield><datafield ind1=" " ind2=" " tag="035"><subfield code="9">ABL8235CU</subfield></datafield><datafield ind1=" " ind2=" " tag="035"><subfield code="a">(NNC)332238</subfield></datafield><datafield ind1=" " ind2=" " tag="040"><subfield code="d">CStRLIN</subfield></datafield><datafield ind1="0" ind2=" " tag="050"><subfield code="a">PN2859.C96</subfield><subfield code="b">V662 1983</subfield></datafield><datafield ind1=" " ind2=" " tag="090"><subfield code="a">PN2859.C96</subfield><subfield code="b">V662 1983</subfield></datafield><datafield ind1="0" ind2="0" tag="245"><subfield code="a">--A když se řekne Voskovec /</subfield><subfield code="c">připravil Jiří Lederer.</subfield></datafield><datafield ind1=" " ind2=" " tag="250"><subfield code="a">1. vyd.</subfield></datafield><datafield ind1=" " ind2=" " tag="260"><subfield code="a">Köln :</subfield><subfield code="b">Index,</subfield><subfield code="c">1983.</subfield></datafield><datafield ind1=" " ind2=" " tag="300"><subfield code="a">168 p. :</subfield><subfield code="b">ill. ;</subfield><subfield code="c">17 cm.</subfield></datafield><datafield ind1="1" ind2="0" tag="600"><subfield code="a">Voskovec, Jiří,</subfield><subfield code="d">1905-1981.</subfield></datafield><datafield ind1=" " ind2="0" tag="650"><subfield code="a">Actors</subfield><subfield code="z">Czechoslovakia</subfield><subfield code="v">Biography.</subfield></datafield><datafield ind1=" " ind2="0" tag="650"><subfield code="a">Authors, Czech</subfield><subfield code="y">20th century</subfield><subfield code="v">Biography.</subfield></datafield><datafield ind1="1" ind2=" " tag="700"><subfield code="a">Lederer, Jiří.</subfield></datafield></record></collection></content></bib><holdings><holding><owningInstitutionHoldingsId>448039</owningInstitutionHoldingsId><content><collection><record><datafield ind1="0" ind2="0" tag="852"><subfield code="b">off,glx</subfield><subfield code="h">PN2859.C96 V662 1983</subfield></datafield></record></collection></content><items><content><collection><record><datafield ind1=" " ind2=" " tag="876"><subfield code="p">CU63202166</subfield><subfield code="h"/><subfield code="a">5980181</subfield><subfield code="j">Available</subfield><subfield code="t">1</subfield><subfield code="3"></subfield></datafield><datafield ind1=" " ind2=" " tag="900"><subfield code="a">Shared</subfield><subfield code="b">CU</subfield></datafield></record>