</collection></content></items></holding></holdings></bibRecord><bibRecord><bib><owningInstitutionId>CUL</owningInstitutionId><owningInstitutionBibId>176466</owningInstitutionBibId><content><collection><record><leader>00950nam a2200277 a 4500</leader><controlfield tag="001">176466</controlfield><controlfield tag="003">NNC</controlfield><controlfield tag="005">20030428142459.0</controlfield><controlfield tag="008">841106s1983    gw bh    b    000 0 ger  </controlfield><datafield ind1=" " ind2=" " tag="010"><subfield code="a">   83176657 //r89</subfield></datafield><datafield ind1=" " ind2=" " tag="020"><subfield code="a">3593331098</subfield></datafield><datafield ind1=" " ind2=" " tag="035"><subfield code="a">(OCoLC)ocm10612310</subfield></datafield><datafield ind1=" " ind2=" " tag="035"><subfield code="a">(CStRLIN)NYCG83-B51888</subfield></datafield><datafield ind1=" " ind2=" " tag="035"><subfield code="9">AAU6964CU</subfield></datafield><datafield ind1=" " ind2=" " tag="040"><subfield code="a">DLC</subfield><subfield code="c">DLC</subfield></datafield><datafield ind1=" " ind2=" " tag="043"><subfield code="a">e-gw---</subfield></datafield><datafield ind1="0" ind2=" " tag="050"><subfield code="a">HD5380.R84</subfield><subfield code="b">M55 1983</subfield></datafield><datafield ind1="0" ind2=" " tag="082"><subfield code="a">331.89/294355</subfield><subfield code="2">19</subfield></datafield><datafield ind1="1" ind2=" " tag="100"><subfield code="a">Milles, Dietrich.</subfield></datafield><datafield ind1="1" ind2="0" tag="245"><subfield code="a">"--aber es kam kein Mensch nach den Gruben, um anzufahren" :</subfield><subfield code="b">Arbeitskämpfe der Ruhrbergarbeiter, 1867-1878 /</subfield><subfield code="c">Dietrich Milles.</subfield></datafield><datafield ind1=" " ind2=" " tag="260"><subfield code="a">Frankfurt/Main ;</subfield><subfield code="a">New York :</subfield><subfield code="b">Campus,</subfield><subfield code="c">c1983.</subfield></datafield><datafield ind1=" " ind2=" " tag="300"><subfield code="a">466 p. :</subfield><subfield code="b">facsims., 1 map ;</subfield><subfield code="c">21 cm.</subfield></datafield><datafield ind1=" " ind2=" " tag="504"><subfield code="a">Bibliography: p. 447-466.</subfield></datafield><datafield ind1=" " ind2="0" tag="650"><subfield code="a">Strikes and lockouts</subfield><subfield code="z">Germany</subfield><subfield code="z">Ruhr (Region)</subfield><subfield code="x">History</subfield><subfield code="y">19th century.</subfield></datafield><datafield ind1=" " ind2="0" tag="650"><subfield code="a">Working class</subfield><subfield code="z">Germany</subfield><subfield code="z">Ruhr (Region)</subfield><subfield code="x">History</subfield><subfield code="y">19th century.</subfield></datafield></record></collection></content></bib><holdings><holding><owningInstitutionHoldingsId>247090</owningInstitutionHoldingsId><content><collection><record><datafield ind1="0" ind2="0" tag="852"><subfield code="b">off,glx</subfield><subfield code="h">HD5380.R84 M55 1983</subfield></datafield></record></collection></content><items><content><collection><record><datafield ind1=" " ind2=" " tag="876"><subfield code="p">CU52620450</subfield><subfield code="h"/><subfield code="a">243074</subfield><subfield code="j">Available</subfield><subfield code="t">1</subfield><subfield code="3"></subfield></datafield><datafield ind1=" " ind2=" " tag="900"><subfield code="a">Shared</subfield><subfield code="b">CU</subfield></datafield></record>