</collection></content></items></holding></holdings></bibRecord><bibRecord><bib><owningInstitutionId>CUL</owningInstitutionId><owningInstitutionBibId>374697</owningInstitutionBibId><content><collection><record><leader>00627nam a2200205 a 4500</leader><controlfield tag="001">374697</controlfield><controlfield tag="003">NNC</controlfield><controlfield tag="005">20071219111633.0</controlfield><controlfield tag="008">850815s1984    xx            000 1 spa d</controlfield><datafield ind1=" " ind2=" " tag="035"><subfield code="a">(OCoLC)ocm12389800</subfield></datafield><datafield ind1=" " ind2=" " tag="035"><subfield code="a">(CStRLIN)NYCG85-B77018</subfield></datafield><datafield ind1=" " ind2=" " tag="035"><subfield code="9">ABR2000CU</subfield></datafield><datafield ind1=" " ind2=" " tag="035"><subfield code="a">(NNC)374697</subfield></datafield><datafield ind1=" " ind2=" " tag="040"><subfield code="a">AZU</subfield><subfield code="c">AZU</subfield></datafield><datafield ind1=" " ind2=" " tag="090"><subfield code="a">PQ8520.16.E73</subfield><subfield code="b">A7 1984</subfield></datafield><datafield ind1="1" ind2=" " tag="100"><subfield code="a">Ferrari, Hugo,</subfield><subfield code="d">1930-</subfield></datafield><datafield ind1="1" ind2="0" tag="245"><subfield code="a">--alias "María" /</subfield><subfield code="c">Hugo Ferrari.</subfield></datafield><datafield ind1=" " ind2=" " tag="260"><subfield code="a">[S.l. :</subfield><subfield code="b">s.n.,</subfield><subfield code="c">1984]</subfield><subfield code="e">([Montevideo] :</subfield><subfield code="b">Mim. Pesce)</subfield></datafield><datafield ind1=" " ind2=" " tag="300"><subfield code="a">139 p. ;</subfield><subfield code="c">17 cm.</subfield></datafield><datafield ind1=" " ind2=" " tag="583"><subfield code="a">Preserved,</subfield><subfield code="i">Deacidified,</subfield><subfield code="c">2006</subfield><subfield code="j">Cranberry, PA</subfield><subfield code="k">Preservation Technologies LP</subfield><subfield code="5">NNC</subfield></datafield></record></collection></content></bib><holdings><holding><owningInstitutionHoldingsId>501554</owningInstitutionHoldingsId><content><collection><record><datafield ind1="0" ind2="0" tag="852"><subfield code="b">off,glx</subfield><subfield code="h">PQ8520.16.E73 A7 1984g</subfield></datafield></record></collection></content><items><content><collection><record><datafield ind1=" " ind2=" " tag="876"><subfield code="p">CU63391422</subfield><subfield code="h"/><subfield code="a">518457</subfield><subfield code="j">Available</subfield><subfield code="t">1</subfield><subfield code="3"></subfield></datafield><datafield ind1=" " ind2=" " tag="900"><subfield code="a">Shared</subfield><subfield code="b">CU</subfield></datafield></record>