</collection></content></items></holding></holdings></bibRecord><bibRecord><bib><owningInstitutionId>CUL</owningInstitutionId><owningInstitutionBibId>42824</owningInstitutionBibId><content><collection><record><leader>00854cam a2200277   4500</leader><controlfield tag="001">42824</controlfield><controlfield tag="003">NNC</controlfield><controlfield tag="005">20130422225625.0</controlfield><controlfield tag="008">810331s1972    nyua     b    000 0 eng  </controlfield><datafield ind1=" " ind2=" " tag="010"><subfield code="a">   74188312 </subfield></datafield><datafield ind1=" " ind2=" " tag="020"><subfield code="a">0670122807</subfield></datafield><datafield ind1=" " ind2=" " tag="035"><subfield code="a">(OCoLC)515860</subfield></datafield><datafield ind1=" " ind2=" " tag="035"><subfield code="a">(OCoLC)ocm00515860</subfield></datafield><datafield ind1=" " ind2=" " tag="035"><subfield code="a">(CStRLIN)NYCG22784780-B</subfield></datafield><datafield ind1=" " ind2=" " tag="035"><subfield code="9">AAE5441CU</subfield></datafield><datafield ind1=" " ind2=" " tag="035"><subfield code="a">(NNC)42824</subfield></datafield><datafield ind1=" " ind2=" " tag="040"><subfield code="d">NNC</subfield></datafield><datafield ind1="0" ind2=" " tag="050"><subfield code="a">PN6238</subfield><subfield code="b">.C6</subfield></datafield><datafield ind1=" " ind2=" " tag="082"><subfield code="a">808.8/0355</subfield></datafield><datafield ind1=" " ind2=" " tag="090"><subfield code="a">PN6238</subfield><subfield code="b">.C6</subfield></datafield><datafield ind1="1" ind2=" " tag="100"><subfield code="a">Cole, William,</subfield><subfield code="d">1919-2000,</subfield><subfield code="e">compiler.</subfield></datafield><datafield ind1="1" ind2="0" tag="245"><subfield code="a">... And be merry!</subfield><subfield code="b">A feast of light verse and a soupcon of prose about the joy of eating.</subfield><subfield code="c">Assembled by William Cole.</subfield></datafield><datafield ind1=" " ind2=" " tag="260"><subfield code="a">New York,</subfield><subfield code="b">Grossman Publishers,</subfield><subfield code="c">1972.</subfield></datafield><datafield ind1=" " ind2=" " tag="300"><subfield code="a">xii, 243 p.</subfield><subfield code="b">illus.</subfield><subfield code="c">24 cm.</subfield></datafield><datafield ind1=" " ind2=" " tag="504"><subfield code="a">Includes bibliographical references.</subfield></datafield><datafield ind1=" " ind2="0" tag="650"><subfield code="a">Gastronomy</subfield><subfield code="v">Literary collections.</subfield></datafield></record></collection></content></bib><holdings><holding><owningInstitutionHoldingsId>63092</owningInstitutionHoldingsId><content><collection><record><datafield ind1="0" ind2="0" tag="852"><subfield code="b">off,glx</subfield><subfield code="h">PN6238 .C6</subfield></datafield></record></collection></content><items><content><collection><record><datafield ind1=" " ind2=" " tag="876"><subfield code="p">CU63177374</subfield><subfield code="h"/><subfield code="a">64805</subfield><subfield code="j">Available</subfield><subfield code="t">1</subfield><subfield code="3"></subfield></datafield><datafield ind1=" " ind2=" " tag="900"><subfield code="a">Shared</subfield><subfield code="b">CU</subfield></datafield></record>