</collection></content></items></holding></holdings></bibRecord><bibRecord><bib><owningInstitutionId>CUL</owningInstitutionId><owningInstitutionBibId>364693</owningInstitutionBibId><content><collection><record><leader>00973cam a2200313 a 4500</leader><controlfield tag="001">364693</controlfield><controlfield tag="003">NNC</controlfield><controlfield tag="005">20100226115827.0</controlfield><controlfield tag="008">850715s1985    nyu           000 0aeng  </controlfield><datafield ind1=" " ind2=" " tag="010"><subfield code="a">   85005653//r86 </subfield></datafield><datafield ind1=" " ind2=" " tag="020"><subfield code="a">0025630709</subfield></datafield><datafield ind1=" " ind2=" " tag="035"><subfield code="a">(OCoLC)11812554</subfield></datafield><datafield ind1=" " ind2=" " tag="035"><subfield code="a">(OCoLC)ocm11812554</subfield></datafield><datafield ind1=" " ind2=" " tag="035"><subfield code="a">(CStRLIN)NYCG85-B67384</subfield></datafield><datafield ind1=" " ind2=" " tag="035"><subfield code="9">ABQ1735CU</subfield></datafield><datafield ind1=" " ind2=" " tag="035"><subfield code="a">(NNC)364693</subfield></datafield><datafield ind1=" " ind2=" " tag="040"><subfield code="d">CStRLIN</subfield></datafield><datafield ind1=" " ind2=" " tag="043"><subfield code="a">a-vt---</subfield><subfield code="a">n-us---</subfield></datafield><datafield ind1="0" ind2=" " tag="050"><subfield code="a">DS559.5</subfield><subfield code="b">.K47 1985</subfield></datafield><datafield ind1="0" ind2=" " tag="082"><subfield code="a">959.704/38</subfield><subfield code="2">19</subfield></datafield><datafield ind1=" " ind2=" " tag="090"><subfield code="a">DS559.5</subfield><subfield code="b">.K47 1985</subfield></datafield><datafield ind1="1" ind2=" " tag="100"><subfield code="a">Ketwig, John.</subfield></datafield><datafield ind1="1" ind2="0" tag="245"><subfield code="a">--and a hard rain fell :</subfield><subfield code="b">a GI's true story of the war in Vietnam /</subfield><subfield code="c">John Ketwig.</subfield></datafield><datafield ind1=" " ind2=" " tag="260"><subfield code="a">New York :</subfield><subfield code="b">Macmillan ;</subfield><subfield code="a">London :</subfield><subfield code="b">Collier Macmillan,</subfield><subfield code="c">c1985.</subfield></datafield><datafield ind1=" " ind2=" " tag="300"><subfield code="a">xii, 303 p. ;</subfield><subfield code="c">22 cm.</subfield></datafield><datafield ind1="1" ind2="0" tag="600"><subfield code="a">Ketwig, John.</subfield></datafield><datafield ind1=" " ind2="0" tag="650"><subfield code="a">Vietnam War, 1961-1975</subfield><subfield code="v">Personal narratives, American.</subfield></datafield><datafield ind1=" " ind2="0" tag="650"><subfield code="a">Soldiers</subfield><subfield code="z">United States</subfield><subfield code="v">Biography.</subfield></datafield><datafield ind1="1" ind2="0" tag="610"><subfield code="a">United States.</subfield><subfield code="b">Army</subfield><subfield code="v">Biography.</subfield></datafield></record></collection></content></bib><holdings><holding><owningInstitutionHoldingsId>489002</owningInstitutionHoldingsId><content><collection><record><datafield ind1="0" ind2="0" tag="852"><subfield code="b">off,glx</subfield><subfield code="h">DS559.5 .K47 1985</subfield></datafield></record></collection></content><items><content><collection><record><datafield ind1=" " ind2=" " tag="876"><subfield code="p">CU69277435</subfield><subfield code="h"/><subfield code="a">506724</subfield><subfield code="j">Available</subfield><subfield code="t">1</subfield><subfield code="3"></subfield></datafield><datafield ind1=" " ind2=" " tag="900"><subfield code="a">Shared</subfield><subfield code="b">CU</subfield></datafield></record></collection></content></items></holding></holdings></bibRecord></bibRecords>